
@inproceedings{geiger2012we,
  title={Are we ready for autonomous driving? the kitti vision benchmark suite},
  author={Geiger, Andreas and Lenz, Philip and Urtasun, Raquel},
  booktitle={2012 IEEE Conference on Computer Vision and Pattern Recognition},
  pages={3354--3361},
  year={2012},
  organization={IEEE}
}
@inproceedings{lang2019pointpillars,
  title={Pointpillars: Fast encoders for object detection from point clouds},
  author={Lang, Alex H and Vora, Sourabh and Caesar, Holger and Zhou, Lubing and Yang, Jiong and Beijbom, Oscar},
  booktitle={Proceedings of the IEEE/CVF Conference on Computer Vision and Pattern Recognition},
  pages={12697--12705},
  year={2019}
}
@inproceedings{qi2018frustum,
  title={Frustum pointnets for 3d object detection from rgb-d data},
  author={Qi, Charles R and Liu, Wei and Wu, Chenxia and Su, Hao and Guibas, Leonidas J},
  booktitle={Proceedings of the IEEE conference on computer vision and pattern recognition},
  pages={918--927},
  year={2018}
}
@article{yan2018second,
  title={Second: Sparsely embedded convolutional detection},
  author={Yan, Yan and Mao, Yuxing and Li, Bo},
  journal={Sensors},
  volume={18},
  number={10},
  pages={3337},
  year={2018},
  publisher={Multidisciplinary Digital Publishing Institute}
}
@inproceedings{yang20203dssd,
  title={3dssd: Point-based 3d single stage object detector},
  author={Yang, Zetong and Sun, Yanan and Liu, Shu and Jia, Jiaya},
  booktitle={Proceedings of the IEEE/CVF conference on computer vision and pattern recognition},
  pages={11040--11048},
  year={2020}
}
@inproceedings{yang2019std,
  title={Std: Sparse-to-dense 3d object detector for point cloud},
  author={Yang, Zetong and Sun, Yanan and Liu, Shu and Shen, Xiaoyong and Jia, Jiaya},
  booktitle={Proceedings of the IEEE/CVF International Conference on Computer Vision},
  pages={1951--1960},
  year={2019}
}
@inproceedings{wang2015voting,
  title={Voting for voting in online point cloud object detection.},
  author={Wang, Dominic Zeng and Posner, Ingmar},
  booktitle={Robotics: Science and Systems},
  volume={1},
  number={3},
  pages={10--15607},
  year={2015},
  organization={Rome, Italy}
}
@inproceedings{engelcke2017vote3deep,
  title={Vote3deep: Fast object detection in 3d point clouds using efficient convolutional neural networks},
  author={Engelcke, Martin and Rao, Dushyant and Wang, Dominic Zeng and Tong, Chi Hay and Posner, Ingmar},
  booktitle={2017 IEEE International Conference on Robotics and Automation (ICRA)},
  pages={1355--1361},
  year={2017},
  organization={IEEE}
}
@inproceedings{zhou2018voxelnet,
  title={Voxelnet: End-to-end learning for point cloud based 3d object detection},
  author={Zhou, Yin and Tuzel, Oncel},
  booktitle={Proceedings of the IEEE Conference on Computer Vision and Pattern Recognition},
  pages={4490--4499},
  year={2018}
}
@inproceedings{qi2017pointnet,
  title={Pointnet: Deep learning on point sets for 3d classification and segmentation},
  author={Qi, Charles R and Su, Hao and Mo, Kaichun and Guibas, Leonidas J},
  booktitle={Proceedings of the IEEE conference on computer vision and pattern recognition},
  pages={652--660},
  year={2017}
}
@inproceedings{graham20183d,
  title={3d semantic segmentation with submanifold sparse convolutional networks},
  author={Graham, Benjamin and Engelcke, Martin and Van Der Maaten, Laurens},
  booktitle={Proceedings of the IEEE conference on computer vision and pattern recognition},
  pages={9224--9232},
  year={2018}
}
@article{yan2018second,
  title={Second: Sparsely embedded convolutional detection},
  author={Yan, Yan and Mao, Yuxing and Li, Bo},
  journal={Sensors},
  volume={18},
  number={10},
  pages={3337},
  year={2018},
  publisher={Multidisciplinary Digital Publishing Institute}
}
@inproceedings{yang2018pixor,
  title={Pixor: Real-time 3d object detection from point clouds},
  author={Yang, Bin and Luo, Wenjie and Urtasun, Raquel},
  booktitle={Proceedings of the IEEE conference on Computer Vision and Pattern Recognition},
  pages={7652--7660},
  year={2018}
}
@article{wang2020pillar,
  title={Pillar-based object detection for autonomous driving},
  author={Wang, Yue and Fathi, Alireza and Kundu, Abhijit and Ross, David and Pantofaru, Caroline and Funkhouser, Tom and Solomon, Justin},
  journal={arXiv preprint arXiv:2007.10323},
  year={2020},
  publisher={Springer}
}
@inproceedings{zhou2020end,
  title={End-to-end multi-view fusion for 3d object detection in lidar point clouds},
  author={Zhou, Yin and Sun, Pei and Zhang, Yu and Anguelov, Dragomir and Gao, Jiyang and Ouyang, Tom and Guo, James and Ngiam, Jiquan and Vasudevan, Vijay},
  booktitle={Conference on Robot Learning},
  pages={923--932},
  year={2020},
  organization={PMLR}
}
@article{yin2020center,
  title={Center-based 3d object detection and tracking},
  author={Yin, Tianwei and Zhou, Xingyi and Kr{\"a}henb{\"u}hl, Philipp},
  journal={arXiv preprint arXiv:2006.11275},
  year={2020}
}
@article{ge2020afdet,
  title={Afdet: Anchor free one stage 3d object detection},
  author={Ge, Runzhou and Ding, Zhuangzhuang and Hu, Yihan and Wang, Yu and Chen, Sijia and Huang, Li and Li, Yuan},
  journal={arXiv preprint arXiv:2006.12671},
  year={2020}
}
@article{kuhn1955hungarian,
  title={The Hungarian method for the assignment problem},
  author={Kuhn, Harold W},
  journal={Naval research logistics quarterly},
  volume={2},
  number={1-2},
  pages={83--97},
  year={1955},
  publisher={Wiley Online Library}
}
@inproceedings{ying2018graph,
  title={Graph convolutional neural networks for web-scale recommender systems},
  author={Ying, Rex and He, Ruining and Chen, Kaifeng and Eksombatchai, Pong and Hamilton, William L and Leskovec, Jure},
  booktitle={Proceedings of the 24th ACM SIGKDD International Conference on Knowledge Discovery \& Data Mining},
  pages={974--983},
  year={2018}
}
@article{monti2017geometric,
  title={Geometric matrix completion with recurrent multi-graph neural networks},
  author={Monti, Federico and Bronstein, Michael M and Bresson, Xavier},
  journal={arXiv preprint arXiv:1704.06803},
  year={2017}
}
@article{berg2017graph,
  title={Graph convolutional matrix completion},
  author={Berg, Rianne van den and Kipf, Thomas N and Welling, Max},
  journal={arXiv preprint arXiv:1706.02263},
  year={2017}
}
@article{thekumparampil2018attention,
  title={Attention-based graph neural network for semi-supervised learning},
  author={Thekumparampil, Kiran K and Wang, Chong and Oh, Sewoong and Li, Li-Jia},
  journal={arXiv preprint arXiv:1803.03735},
  year={2018}
}
@article{kipf2016semi,
  title={Semi-supervised classification with graph convolutional networks},
  author={Kipf, Thomas N and Welling, Max},
  journal={arXiv preprint arXiv:1609.02907},
  year={2016}
}
@article{velivckovic2017graph,
  title={Graph attention networks},
  author={Veli{\v{c}}kovi{\'c}, Petar and Cucurull, Guillem and Casanova, Arantxa and Romero, Adriana and Lio, Pietro and Bengio, Yoshua},
  journal={arXiv preprint arXiv:1710.10903},
  year={2017}
}
@article{hamilton2017inductive,
  title={Inductive representation learning on large graphs},
  author={Hamilton, William L and Ying, Rex and Leskovec, Jure},
  journal={arXiv preprint arXiv:1706.02216},
  year={2017}
}
@inproceedings{gori2005new,
  title={A new model for learning in graph domains},
  author={Gori, Marco and Monfardini, Gabriele and Scarselli, Franco},
  booktitle={Proceedings. 2005 IEEE International Joint Conference on Neural Networks, 2005.},
  volume={2},
  pages={729--734},
  year={2005},
  organization={IEEE}
}
@inproceedings{chen2019graph,
  title={Graph-based global reasoning networks},
  author={Chen, Yunpeng and Rohrbach, Marcus and Yan, Zhicheng and Shuicheng, Yan and Feng, Jiashi and Kalantidis, Yannis},
  booktitle={Proceedings of the IEEE/CVF Conference on Computer Vision and Pattern Recognition},
  pages={433--442},
  year={2019}
}
@inproceedings{shi2019skeleton,
  title={Skeleton-based action recognition with directed graph neural networks},
  author={Shi, Lei and Zhang, Yifan and Cheng, Jian and Lu, Hanqing},
  booktitle={Proceedings of the IEEE/CVF Conference on Computer Vision and Pattern Recognition},
  pages={7912--7921},
  year={2019}
}
@inproceedings{gao2019graph,
  title={Graph convolutional tracking},
  author={Gao, Junyu and Zhang, Tianzhu and Xu, Changsheng},
  booktitle={Proceedings of the IEEE/CVF Conference on Computer Vision and Pattern Recognition},
  pages={4649--4659},
  year={2019}
}
@inproceedings{wu2019unsupervised,
  title={Unsupervised graph association for person re-identification},
  author={Wu, Jinlin and Yang, Yang and Liu, Hao and Liao, Shengcai and Lei, Zhen and Li, Stan Z},
  booktitle={Proceedings of the IEEE/CVF International Conference on Computer Vision},
  pages={8321--8330},
  year={2019}
}
@article{wang2019dynamic,
  title={Dynamic graph cnn for learning on point clouds},
  author={Wang, Yue and Sun, Yongbin and Liu, Ziwei and Sarma, Sanjay E and Bronstein, Michael M and Solomon, Justin M},
  journal={Acm Transactions On Graphics (tog)},
  volume={38},
  number={5},
  pages={1--12},
  year={2019},
  publisher={ACM New York, NY, USA}
}
@inproceedings{hu2018relation,
  title={Relation networks for object detection},
  author={Hu, Han and Gu, Jiayuan and Zhang, Zheng and Dai, Jifeng and Wei, Yichen},
  booktitle={Proceedings of the IEEE Conference on Computer Vision and Pattern Recognition},
  pages={3588--3597},
  year={2018}
}
@inproceedings{xu2019spatial,
  title={Spatial-temporal relation networks for multi-object tracking},
  author={Xu, Jiarui and Cao, Yue and Zhang, Zheng and Hu, Han},
  booktitle={Proceedings of the IEEE/CVF International Conference on Computer Vision},
  pages={3988--3998},
  year={2019}
}
@inproceedings{pirsiavash2011globally,
  title={Globally-optimal greedy algorithms for tracking a variable number of objects},
  author={Pirsiavash, Hamed and Ramanan, Deva and Fowlkes, Charless C},
  booktitle={CVPR 2011},
  pages={1201--1208},
  year={2011},
  organization={IEEE}
}
@inproceedings{bochinski2017high,
  title={High-speed tracking-by-detection without using image information},
  author={Bochinski, Erik and Eiselein, Volker and Sikora, Thomas},
  booktitle={2017 14th IEEE International Conference on Advanced Video and Signal Based Surveillance (AVSS)},
  pages={1--6},
  year={2017},
  organization={IEEE}
}
@inproceedings{baser2019fantrack,
  title={Fantrack: 3d multi-object tracking with feature association network},
  author={Baser, Erkan and Balasubramanian, Venkateshwaran and Bhattacharyya, Prarthana and Czarnecki, Krzysztof},
  booktitle={2019 IEEE Intelligent Vehicles Symposium (IV)},
  pages={1426--1433},
  year={2019},
  organization={IEEE}
}
@inproceedings{frossard2018end,
  title={End-to-end learning of multi-sensor 3d tracking by detection},
  author={Frossard, Davi and Urtasun, Raquel},
  booktitle={2018 IEEE international conference on robotics and automation (ICRA)},
  pages={635--642},
  year={2018},
  organization={IEEE}
}
@article{weng2019baseline,
  title={A baseline for 3d multi-object tracking},
  author={Weng, Xinshuo and Kitani, Kris},
  journal={arXiv preprint arXiv:1907.03961},
  year={2019}
}
@inproceedings{bewley2016simple,
  title={Simple online and realtime tracking},
  author={Bewley, Alex and Ge, Zongyuan and Ott, Lionel and Ramos, Fabio and Upcroft, Ben},
  booktitle={2016 IEEE international conference on image processing (ICIP)},
  pages={3464--3468},
  year={2016},
  organization={IEEE}
}
@inproceedings{wojke2017simple,
  title={Simple online and realtime tracking with a deep association metric},
  author={Wojke, Nicolai and Bewley, Alex and Paulus, Dietrich},
  booktitle={2017 IEEE international conference on image processing (ICIP)},
  pages={3645--3649},
  year={2017},
  organization={IEEE}
}
@inproceedings{weng2020gnn3dmot,
  title={Gnn3dmot: Graph neural network for 3d multi-object tracking with 2d-3d multi-feature learning},
  author={Weng, Xinshuo and Wang, Yongxin and Man, Yunze and Kitani, Kris M},
  booktitle={Proceedings of the IEEE/CVF Conference on Computer Vision and Pattern Recognition},
  pages={6499--6508},
  year={2020}
}
@inproceedings{yang20203dssd,
  title={3dssd: Point-based 3d single stage object detector},
  author={Yang, Zetong and Sun, Yanan and Liu, Shu and Jia, Jiaya},
  booktitle={Proceedings of the IEEE/CVF conference on computer vision and pattern recognition},
  pages={11040--11048},
  year={2020}
}
@article{bansal2018chauffeurnet,
  title={Chauffeurnet: Learning to drive by imitating the best and synthesizing the worst},
  author={Bansal, Mayank and Krizhevsky, Alex and Ogale, Abhijit},
  journal={arXiv preprint arXiv:1812.03079},
  year={2018}
}
@article{zhou2019objects,
  title={Objects as points},
  author={Zhou, Xingyi and Wang, Dequan and Kr{\"a}henb{\"u}hl, Philipp},
  journal={arXiv preprint arXiv:1904.07850},
  year={2019}
}
@inproceedings{luo2018fast,
  title={Fast and furious: Real time end-to-end 3d detection, tracking and motion forecasting with a single convolutional net},
  author={Luo, Wenjie and Yang, Bin and Urtasun, Raquel},
  booktitle={Proceedings of the IEEE conference on Computer Vision and Pattern Recognition},
  pages={3569--3577},
  year={2018}
}
@inproceedings{qi2019deep,
    author = {Qi, Charles R and Litany, Or and He, Kaiming and Guibas, Leonidas J},
    title = {Deep Hough Voting for 3D Object Detection in Point Clouds},
    booktitle = {Proceedings of the IEEE International Conference on Computer Vision},
    year = {2019}
}
@inproceedings{shi2019pointrcnn,
  title={Pointrcnn: 3d object proposal generation and detection from point cloud},
  author={Shi, Shaoshuai and Wang, Xiaogang and Li, Hongsheng},
  booktitle={Proceedings of the IEEE/CVF Conference on Computer Vision and Pattern Recognition},
  pages={770--779},
  year={2019}
}
